@inproceedings{concurrent,
    author    = {Peyton Jones, Simon and Gordon, Andrew and Finne, Sigbjorn},
    title     = {Concurrent Haskell},
    booktitle = {Proceedings of the 23rd ACM SIGPLAN-SIGACT symposium on
                 Principles of programming languages},
    series    = {POPL '96},
    year      = {1996},
    location  = {St. Petersburg Beach, Florida, USA},
    pages     = {295--308},
    numpages  = {14},
    url       = {http://doi.acm.org/10.1145/237721.237794},
    publisher = {ACM},
    address   = {New York, NY, USA},
}

@inproceedings{haskell_history,
    author    = {Hudak, Paul and Hughes, John and Peyton Jones, Simon and Wadler, Philip},
    title     = {A History of Haskell: Being Lazy with Class},
    booktitle = {Proceedings of the Third ACM SIGPLAN Conference on History of Programming Languages},
    series    = {HOPL III},
    year      = {2007},
    location  = {San Diego, California},
    pages     = {1--55},
    url       = {http://doi.acm.org/10.1145/1238844.1238856},
    publisher = {ACM},
    address   = {New York, NY, USA},
}

@online{haskell_intro,
    title     = {Haskell Wiki Introduction},
    url       = {https://wiki.haskell.org/Introduction},
    keywords  = {haskell},
    month     = {June},
    year      = {2015},
}

@online{arduino_intro,
    title     = {Arduino Introduction},
    url       = {http://www.arduino.cc/en/guide/introduction},
    keywords  = {arduino},
    month     = {June},
    year      = {2015},
}

@online{control_guru,
    title     = {Practical Process Control: Proven Methods and Best Practices for Automatic PID Control},
    url       = {http://www.controlguru.com/wp/p90.html},
    month     = {June},
    year      = {2015},
}

@online{python_faq,
    title     = {General Python FAQ},
    url       = {https://docs.python.org/3/faq/general.html},
    keywords  = {python},
    month     = {June},
    year      = {2015},
}

@online{curses,
    title     = {NCURSES FAQ},
    url       = {http://invisible-island.net/ncurses/ncurses.faq.html},
    keywords  = {ncurses,TUI},
    month     = {June},
    year      = {2015},
}

@online{pyfirmata,
    title     = {pyFirmata Python Module},
    url       = {https://github.com/tino/pyFirmata},
    keywords  = {firmata,python},
    month     = {June},
    year      = {2015},
}

@online{harduino,
    title     = {The hArduino package},
    url       = {https://hackage.haskell.org/package/hArduino},
    keywords  = {firmata,haskell},
    month     = {June},
    year      = {2015},
}

@manual{unicode,
    title     = {The Unicode Standard 8.0},
    url       = {http://www.unicode.org/charts/PDF/U2800.pdf},
    month     = {June},
    year      = {2015},
}

@manual{network_socket,
    title     = {Network.Socket Documentation},
    url       = {https://hackage.haskell.org/package/network-2.6.0.2/docs/Network-Socket.html},
    keywords  = {haskell,network},
    month     = {June},
    year      = {2015},
}

@manual{control_concurrent,
    title     = {Control.Concurrent Documentation},
    url       = {https://hackage.haskell.org/package/base-4.7.0.2/docs/Control-Concurrent.html},
    keywords  = {haskell,concurrent},
    month     = {June},
    year      = {2015},
}

@manual{mvar,
    title     = {Control.Concurrent.MVar Documentation},
    url       = {https://hackage.haskell.org/package/base-4.7.0.2/docs/Control-Concurrent-MVar.html},
    keywords  = {haskell,concurrent},
    month     = {June},
    year      = {2015},
}

@manual{conc.chan,
    title     = {Control.Concurrent.Chan Documentation},
    url       = {https://hackage.haskell.org/package/base-4.7.0.2/docs/Control-Concurrent-Chan.html},
    keywords  = {haskell,concurrent},
    month     = {June},
    year      = {2015},
}

@manual{urwid,
    title     = {Urwid Manual},
    url       = {http://urwid.org/manual/overview.html},
    keywords  = {python,curses},
    month     = {June},
    year      = {2015},
}

@manual{python_socket,
    title     = {Python Documentation - Low-level networking interface},
    url       = {https://docs.python.org/3/library/socket.html},
    keywords  = {python,networking},
    month     = {June},
    year      = {2015},
}

@manual{atmega,
    title     = {ATMEL 8-Bit Microcontroller with 4/8/16/32KB Flash Datasheet},
    url       = {http://www.atmel.com/images/Atmel-8271-8-bit-AVR-Microcontroller-ATmega48A-48PA-88A-88PA-168A-168PA-328-328P_datasheet_Complete.pdf},
    month     = {June},
    year      = {2015},
}

@manual{etape,
    title     = {Continuous Fluid Level Sensor PN-12110215TC-X Datasheet},
    url       = {http://www.milonetech.com/uploads/Standard_eTape_Datasheet.pdf},
    month     = {June},
    year      = {2015},
}

@manual{h-bridge,
    title     = {L293E Push-Pull Four Channel Drivers Datasheet},
    url       = {http://www.st.com/st-web-ui/static/active/en/resource/technical/document/datasheet/CD00000058.pdf},
    month     = {June},
    year      = {2015},
}

@manual{voltage_module,
    title     = {\unit{0-5}{\volt} Linear Resistance to Voltage Module},
    url       = {http://www.milonetech.com/uploads/0-5V_Module_Datasheet.pdf},
    month     = {June},
    year      = {2015},
}

@book{unixnetwork,
    title     = {Unix Network Programming Volume 1, Third Edition: The Sockets
                 Networking API},
    author    = {W. Richard Stevens, Bill Fenner, Andrew M. Rudoff},
    year      = {2003},
    publisher = {Addison-Wesley Professional},
    address   = {Boston, USA},
}

@book{control,
    title     = {Control Systems Engineering},
    author    = {Norman S. Nise},
    year      = {2010},
    publisher = {Wiley},
    address   = {Redwook City, USA}
}

@book{fluid,
    title     = {Fluid Dynamics: An Introduction},
    author    = {Michel Rieutord},
    year      = {2015},
    publisher = {Springe},
    address   = {Switzerland, Cham}
}

@book{python_ref,
    title     = {The Python Language Reference Manual},
    author    = {Guido Van Rossum and Fred L. Jr. Drake},
    year      = {2011},
    url       = {http://docs.python.org/reference/},
    publisher = {Network Theory Ltd.},
}

@techreport{jsonRPC,
    author    = {JSON-RPC Working Group},
    title     = {JSON-RPC 2.0 Specification},
    year      = {2010},
    url       = {http://www.jsonrpc.org/specification},
}

@techreport{firmata,
    title     = {Firmata Protocol Documentation},
    url       = {http://firmata.org/wiki/Protocol},
    month     = {June},
    year      = {2015},
}

@techreport{midi,
    author    = {MIDI Manufacturers Association Incorporated},
    title     = {Table of MIDI Messages},
    url       = {http://www.midi.org/techspecs/midimessages.php},
    month     = {June},
    year      = {2015},
}

@techreport{jsonRFC,
    author       = {D. Crockford},
    title        = {The application/json Media Type for JavaScript Object Notation (JSON)},
    series       = {Request for Comments},
    number       = {4627},
    howpublished = {RFC 4627 (Informational)},
    publisher    = {IETF},
    organization = {Internet Engineering Task Force},
    year         = {2006},
    url          = {http://www.ietf.org/rfc/rfc4627.txt},
}
